<?xml version="1.0" encoding="UTF-8"?>
<record xmlns="http://www.loc.gov/MARC21/slim" xmlns:xsi="http://www.w3.org/2001/XMLSchema-instance" xsi:schemaLocation="http://www.loc.gov/MARC21/slim http://www.loc.gov/standards/marcxml/schema/MARC21slim.xsd">
<leader>     nam a22003130  4500</leader>
<controlfield tag="001">002771140</controlfield>
<controlfield tag="003">NNU</controlfield>
<controlfield tag="005">19940713181853.0</controlfield>
<controlfield tag="008">860708s1967    ir            000 0 ara</controlfield>
<datafield tag="010" ind1=" " ind2=" ">
<subfield code="a">79268522</subfield>
</datafield>
<datafield tag="035" ind1="9" ind2=" ">
<subfield code="a">NYUb10473486</subfield>
</datafield>
<datafield tag="035" ind1=" " ind2=" ">
<subfield code="a">(CStRLIN)NYUG86-B23471</subfield>
</datafield>
<datafield tag="035" ind1=" " ind2=" ">
<subfield code="a">GLIS004734867</subfield>
</datafield>
<datafield tag="040" ind1=" " ind2=" ">
<subfield code="c">NN</subfield>
<subfield code="d">NN</subfield>
<subfield code="d">NNU</subfield>
</datafield>
<datafield tag="041" ind1="0" ind2=" ">
<subfield code="a">perara</subfield>
</datafield>
<datafield tag="050" ind1="0" ind2=" ">
<subfield code="a">B753.M83</subfield>
<subfield code="b">S5</subfield>
</datafield>
<datafield tag="090" ind1=" " ind2=" ">
<subfield code="a">B753.M83</subfield>
<subfield code="b">S5</subfield>
<subfield code="i">07/08/86 CT</subfield>
</datafield>
<datafield tag="100" ind1="1" ind2=" ">
<subfield code="a">Ṣadr al-Dīn Shīrāzī, Muḥammad ibn Ibrāhīm,</subfield>
<subfield code="d">d. 1641.</subfield>
</datafield>
<datafield tag="245" ind1="1" ind2="3">
<subfield code="a">al-Shawāhid al-rubūbīyah</subfield>
<subfield code="c">[az] Ṣadr al-Dīn Shīrāzī. Bā taʻlīq va taṣḥīḥ va muqaddamah-ki Sayyid Jalāl al-Dīn Āshtiyānī.</subfield>
</datafield>
<datafield tag="260" ind1=" " ind2=" ">
<subfield code="a">[Mashhad]</subfield>
<subfield code="b">Chāpkhānah-ʼi Dānishgāh-i Mashhad,</subfield>
<subfield code="c">1346 [1967]</subfield>
</datafield>
<datafield tag="300" ind1=" " ind2=" ">
<subfield code="a">1 v. (various pagings)</subfield>
<subfield code="c">25 cm.</subfield>
</datafield>
<datafield tag="490" ind1="1" ind2=" ">
<subfield code="a">Intishārāt-i Dānishgāh-i Mashhad,</subfield>
<subfield code="v">shumārah-ʼi 14</subfield>
</datafield>
<datafield tag="500" ind1=" " ind2=" ">
<subfield code="a">Added t.p.: al-shawāhid al-rubūbīyah; Divine witnesses, by Ṣadr al-Dīn Shīrāzī Mullā Ṣadrā. With the complete glosses of Hājjī Mullā Hādī Sabziwārī. Edited with introduction and notes by Seyyed Jalāl Āshtiyānī.</subfield>
</datafield>
<datafield tag="500" ind1=" " ind2=" ">
<subfield code="a">Text in Arabic; commentary and notes in Persian; prefaces in Persian and English.</subfield>
</datafield>
<datafield tag="650" ind1=" " ind2="0">
<subfield code="a">Islamic philosophy.</subfield>
</datafield>
<datafield tag="700" ind1="1" ind2=" ">
<subfield code="a">Sabzavārī, Hādī ibn Mahdī,</subfield>
<subfield code="d">b. 1797 or 8.</subfield>
</datafield>
<datafield tag="700" ind1="1" ind2=" ">
<subfield code="a">Āshtiyānī, Jalāl al-Dīn.</subfield>
</datafield>
<datafield tag="830" ind1=" " ind2="0">
<subfield code="a">Intishārāt-i Dānishgāh-i Mashhad ;</subfield>
<subfield code="v">shumārah-ʼi 14.</subfield>
</datafield>
<datafield tag="OWN" ind1=" " ind2=" ">
<subfield code="a">GENERAL</subfield>
</datafield>
<datafield tag="950" ind1=" " ind2=" ">
<subfield code="l">BMAIN</subfield>
<subfield code="i">07/08/86 C</subfield>
</datafield>
<datafield tag="955" ind1=" " ind2=" ">
<subfield code="l">BMAIN</subfield>
<subfield code="c">1</subfield>
<subfield code="i">07/08/86 C</subfield>
</datafield>
<datafield tag="AVA" ind1=" " ind2=" ">
<subfield code="a">NYU50</subfield>
<subfield code="b">BOBST</subfield>
<subfield code="c">Main Collection</subfield>
<subfield code="d">B753.M83 S5</subfield>
<subfield code="e">unavailable</subfield>
<subfield code="t">Unavailable</subfield>
<subfield code="f">1</subfield>
<subfield code="g">1</subfield>
<subfield code="h">N</subfield>
<subfield code="i">0</subfield>
<subfield code="j">MAIN</subfield>
<subfield code="k">0</subfield>
</datafield>
</record>
